<?xml version='1.0' encoding='UTF-8'?>
<record xmlns="http://www.loc.gov/MARC21/slim">
  <leader>03020cam a2200421 a 4500</leader>
  <controlfield tag="001">856154</controlfield>
  <controlfield tag="003">NjP</controlfield>
  <controlfield tag="005">20170605130409.0</controlfield>
  <controlfield tag="008">940103s1936    sy            000 0 ara d</controlfield>
  <datafield tag="024" ind1="7" ind2=" ">
    <subfield code="a">princeton_aco002637</subfield>
    <subfield code="2">local</subfield>
  </datafield>
  <datafield ind1=" " ind2=" " tag="035">
    <subfield code="a">(OCoLC)29685021</subfield>
  </datafield>
  <datafield ind1=" " ind2=" " tag="035">
    <subfield code="a">(OCoLC)ocn176336538</subfield>
  </datafield>
  <datafield ind1=" " ind2=" " tag="035">
    <subfield code="a">(OCoLC)176336538</subfield>
  </datafield>
  <datafield ind1=" " ind2=" " tag="035">
    <subfield code="a">(CStRLIN)NJPG94-B107</subfield>
  </datafield>
  <datafield ind1=" " ind2=" " tag="035">
    <subfield code="9">CAX1437TS</subfield>
  </datafield>
  <datafield ind1=" " ind2=" " tag="035">
    <subfield code="a">(NjP)856154</subfield>
  </datafield>
  <datafield ind1=" " ind2=" " tag="040">
    <subfield code="a">NjP</subfield>
    <subfield code="c">PUL</subfield>
    <subfield code="d">PUL</subfield>
  </datafield>
  <datafield ind1=" " ind2=" " tag="049">
    <subfield code="a">PULL</subfield>
  </datafield>
  <datafield ind1=" " ind2=" " tag="079">
    <subfield code="a">ocm29685021</subfield>
  </datafield>
  <datafield ind1="1" ind2=" " tag="100">
    <subfield code="6">880-01</subfield>
    <subfield code="a">Kāfī, Muḥammad ibn Yūsuf,</subfield>
    <subfield code="d">1861 or 1862-1960 or 1961.</subfield>
    <subfield code="0">http://id.loc.gov/authorities/names/nr91019260</subfield>
  </datafield>
  <datafield ind1="1" ind2="0" tag="240">
    <subfield code="6">880-02</subfield>
    <subfield code="a">Sayf al-Yamānī al-maslūl fī ʻunq min ṭaʻn fī aṣḥāb al-rasūl, aw, Summ sāʻah fī kabd min fāriq al-jamāʻah, aw, al-Rimāḥ wa-al-asinnah fī fuʼād min lamaza ahl al-sunnah</subfield>
  </datafield>
  <datafield ind1="1" ind2="0" tag="245">
    <subfield code="6">880-03</subfield>
    <subfield code="a">Kitāb al-sayf al-Yamānī al-maslūl fī ʻunq min ṭaʻn fī aṣḥāb al-rasūl, aw, Summ sāʻah fī kabd min fāriq al-jamāʻah, aw, al-Rimāḥ wa-al-asinnah fī fuʼād min lamaza ahl al-sunnah /</subfield>
    <subfield code="c">li-Muḥammad ibn Yūsuf al-Tūnisī al-shahīr bi-al-Kāfī.</subfield>
  </datafield>
  <datafield ind1=" " ind2=" " tag="260">
    <subfield code="6">880-04</subfield>
    <subfield code="a">Dimashq :</subfield>
    <subfield code="b">Maṭbaʻat Ummīyah,</subfield>
    <subfield code="c">1936.</subfield>
  </datafield>
  <datafield ind1=" " ind2=" " tag="300">
    <subfield code="a">186 p. ;</subfield>
    <subfield code="c">23 cm.</subfield>
  </datafield>
  <datafield ind1="0" ind2="0" tag="600">
    <subfield code="a">Muḥammad,</subfield>
    <subfield code="c">Prophet,</subfield>
    <subfield code="d">d. 632</subfield>
    <subfield code="x">Companions.</subfield>
  </datafield>
  <datafield ind1="0" ind2=" " tag="740">
    <subfield code="6">880-05</subfield>
    <subfield code="a">Sayf al-Yamānī al-maslūl fī ʻunq min ṭaʻn fī aṣḥāb al-rasūl, aw, Summ sāʻah fī kabd min fāriq al-jamāʻah, aw, al-Rimāḥ wa-al-asinnah fī fuʼād min lamaza ahl al-sunnah.</subfield>
  </datafield>
  <datafield ind1="0" ind2=" " tag="740">
    <subfield code="6">880-06</subfield>
    <subfield code="a">Summ sāʻah fī kabd min fāriq al-jamāʻah.</subfield>
  </datafield>
  <datafield ind1="0" ind2=" " tag="740">
    <subfield code="6">880-07</subfield>
    <subfield code="a">Rimāḥ wa-al-asinnah fī fuʼād min lamaza ahl al-sunnah.</subfield>
  </datafield>
  <datafield ind1="1" ind2=" " tag="880">
    <subfield code="6">100-01/r</subfield>
    <subfield code="a">كافي، محمد بن يوسف،</subfield>
    <subfield code="d">1861 or 1862-1960 or 1961.</subfield>
  </datafield>
  <datafield ind1="1" ind2="0" tag="880">
    <subfield code="6">240-02/r</subfield>
    <subfield code="a">سيف اليماني المسلول في عنق من طعن في اصحاب الرسول، او، سم ساعة في كبد من فارق الجماعة، او، الرماح والاسنة في فؤاد من لمز اهل السنة</subfield>
  </datafield>
  <datafield ind1="1" ind2="0" tag="880">
    <subfield code="6">245-03/r</subfield>
    <subfield code="a">كتاب السيف اليماني المسلول في عنق من طعن في اصحاب الرسول، او، سم ساعة في كبد من فارق الجماعة، او، الرماح والاسنة في فؤاد من لمز اهل السنة /</subfield>
    <subfield code="c">لمحمد بن يوسف التونسي الشهير بالكافي.</subfield>
  </datafield>
  <datafield ind1=" " ind2=" " tag="880">
    <subfield code="6">260-04/r</subfield>
    <subfield code="a">دمشق :</subfield>
    <subfield code="b">مطبعة امية،</subfield>
    <subfield code="c">1936.</subfield>
  </datafield>
  <datafield ind1="0" ind2=" " tag="880">
    <subfield code="6">740-05/r</subfield>
    <subfield code="a">سيف اليماني المسلول في عنق من طعن في اصحاب الرسول، او، سم ساعة في كبد من فارق الجماعة، او، الرماح والاسنة في فؤاد من لمز اهل السنة.</subfield>
  </datafield>
  <datafield ind1="0" ind2=" " tag="880">
    <subfield code="6">740-06/r</subfield>
    <subfield code="a">سم ساعة في كبد من فارق الجماعة.</subfield>
  </datafield>
  <datafield ind1="0" ind2=" " tag="880">
    <subfield code="6">740-07/r</subfield>
    <subfield code="a">رماح والاسنة في فؤاد من لمز اهل السنة.</subfield>
  </datafield>
  <datafield ind1=" " ind2=" " tag="998">
    <subfield code="a">01/11/94</subfield>
    <subfield code="s">9114</subfield>
    <subfield code="n">NjP</subfield>
    <subfield code="w">NJPG94B107</subfield>
    <subfield code="d">01/03/94</subfield>
    <subfield code="c">KC</subfield>
    <subfield code="b">JAB</subfield>
    <subfield code="i">940111</subfield>
    <subfield code="l">NJPG</subfield>
  </datafield>
  <datafield ind1=" " ind2=" " tag="911">
    <subfield code="a">19940120</subfield>
  </datafield>
  <datafield ind1=" " ind2=" " tag="912">
    <subfield code="a">19940111000000.0</subfield>
  </datafield>
  <datafield ind1=" " ind2=" " tag="994">
    <subfield code="a">C0</subfield>
    <subfield code="b">PUL</subfield>
  </datafield>
  <datafield ind1=" " ind2=" " tag="999">
    <subfield code="a">856154</subfield>
  </datafield>
  <datafield ind1="0" ind2="0" tag="852">
    <subfield code="0">975684</subfield>
    <subfield code="b">rcppa</subfield>
    <subfield code="t">1</subfield>
    <subfield code="h">BP76.9</subfield>
    <subfield code="i">.K334 1936</subfield>
    <subfield code="x">tr fr anxa</subfield>
  </datafield>
  <datafield ind1=" " ind2=" " tag="959">
    <subfield code="a">2000-06-13 00:00:00 -0500</subfield>
  </datafield>
</record>
